@article{buchner,
    author  = "Jens Stefan Buchner",
    title   = "Solute Transport in Porous Media: Theory and Experiment",
    year    = "2009"
}

@article{heberle,
    author  = "Steffen Heberle",
    title   = "High Resolution Lab Experiments on Solute Transport in Porous Media",
    year    = "2010"
}

@article{feustel,
    author  = "Lisa Feustel",
    title   = "Solute Transport in Heterogeneous Porous Media",
    year    = "2014"
}

@article{roth2005,
    author       = "Kurt Roth",
    title        = "Soil Physics. Lecture Notes. Institure of Environmental Physics, Heidelberg University.",
    year    	 = "2012",
    howpublished = "\url{http://www.iup.uni-heidelberg.de/institut/forschung/groups/ts/students/lecture_notes/soil_physics/lecture_notes05}"
}